
@article{reck94,
  title = {Experimental realization of any discrete unitary operator},
  author = {Reck, Michael and Zeilinger, Anton and Bernstein, Herbert J. and
    Bertani, Philip},
  journal = {Phys. Rev. Lett.},
  volume = {73},
  issue = {1},
  pages = {58--61},
  year = {1994},
  month = {Jul},
  doi = {10.1103/PhysRevLett.73.58},
  url = {http://link.aps.org/doi/10.1103/PhysRevLett.73.58},
  publisher = {American Physical Society}
}

@article{aaronson13,
  title = {BosonSampling Is Far From Uniform},
  author = {Aaronson, Scott and Arkhipov, Alex},
  journal = {},
  year = {2013},
  month = {Sep},
  archivePrefix = "arXiv",
  eprint = "1309.7460",
  primaryClass = "quant-ph"
}
