@article{diaconis,
  title = {Linear Functionals of Eigenvalues of Random Matrices},
  author = {Diaconis, Persi and Evans, Steven N.},
  journal = {Transactions of the American Mathematical Society},
  volume = {353},
  number = {7},
  pages = {pp. 2615-2633},
  url = {http://www.jstor.org/stable/221816},
  year = {2001},
  publisher = {American Mathematical Society},
}
